@misc{wikipediaNES,
	title		=	"Nintendo Entertainment System",
	howpublished 	=	"\url{https://en.wikipedia.org/wiki/Nintendo_Entertainment_System}",
	year		=	2020,
	note		=	"Accessed: 2020-11-17"
}

@misc{nesdev_CPU,
	title 		=	"CPU",
	howpublished 	=	"\url{wiki.nesdev.com/w/index.php/CPU}",
	year		=	2019,
	note		= 	"Accessed: 2020-11-17"
}

@misc{bitmasks,
	title		=	"Bits and Bitwise Operators",
	howpublished	=	"\url{https://www.cs.uaf.edu/courses/cs301/2014-fall/notes/bits-bitwise/}",
	author		= 	"Orion Lawlor",
	year		=	2014,
	note		=	"Accessed: 2020-11-17"
}

@misc{mem_mapping,
	title		=	"CPU memory map",
	howpublished	=	"\url{http://wiki.nesdev.com/w/index.php/CPU_memory_map}",
	year		=	2019,
	note		=	"Accessed: 2020-11-20",
}

@misc{addressing_modes,
	title		=	"CPU addressing modes",
	howpublished	=	"\url{http://wiki.nesdev.com/w/index.php/CPU_addressing_modes}",
	year		=	2018,
	note		=	"Accessed: 2020-11-20",
}

@misc{cpu_registers,
	title		=	"CPU registers",
	howpublished	=	"\url{http://wiki.nesdev.com/w/index.php/CPU_registers}",
	year		=	2015,
	note		=	"Accessed: 2020-11-20",
}

@misc{staus_flags,
	title		=	"Status flags",
	howpublished	=	"\url{http://wiki.nesdev.com/w/index.php/Status_flags}",
	year		=	2019,
	note		=	"Accessed: 2020-11-20",
}

@misc{illegal_ops,
	title		=	"CPU unofficial opcodes",
	howpublished	=	"\url{https://wiki.nesdev.com/w/index.php/CPU_unofficial_opcodes}",
	year		=	"2020",
	note		=	"Accessed: 2020-11-20",
}

@manual{6502,
	title		=	"R650X and R651X Microprocessors (CPU)",
	organization	=	"Rockwell Automation",
	address		=	"Newport Beach, CA",
	year		=	"June 1987",
	note		=	"Document No. 29000D39",
}

@misc{PPU,
	title		=	"PPU",
	howpublished	=	"\url{https://wiki.nesdev.com/w/index.php/PPU}",
	year		=	2018,
	note		=	"Accessed: 2020-11-20",
}

@misc{mappers,
	title		=	"Mapper",
	howpublished	=	"\url{https://wiki.nesdev.com/w/index.php/Mapper}",
	year		=	2020,
	note		=	"Accessed: 2020-11-20",
}
